@inproceedings{kour2014real,
  title={Real-time segmentation of on-line handwritten arabic script},
  author={Kour, George and Saabne, Raid},
  booktitle={Frontiers in Handwriting Recognition (ICFHR), 2014 14th International Conference on},
  pages={417--422},
  year={2014},
  organization={IEEE}
}

@inproceedings{kour2014fast,
  title={Fast classification of handwritten on-line Arabic characters},
  author={Kour, George and Saabne, Raid},
  booktitle={Soft Computing and Pattern Recognition (SoCPaR), 2014 6th International Conference of},
  pages={312--318},
  year={2014},
  organization={IEEE},
  doi={10.1109/SOCPAR.2014.7008025}
}

@article{hadash2018estimate,
  title={Estimate and Replace: A Novel Approach to Integrating Deep Neural Networks with Existing Applications},
  author={Hadash, Guy and Kermany, Einat and Carmeli, Boaz and Lavi, Ofer and Kour, George and Jacovi, Alon},
  journal={arXiv preprint arXiv:1804.09028},
  year={2018}
}
@article{convex,
  title={Регрессионная модель, основанная на выпуклых комбинациях, максимально коррелирующих с откликом},
  author={Докунин, А.~А. and Сенько, О.~В.},
  journal={Ж. вычисл. матем и матем. физ.},
  year={2015},
  pages={530--544},
  volume={53},

}
@article{bagging,
  title={Bagging predictors},
  author={Brieman, L.},
  journal={Machine Learning.},
  year={1996},
  pages={123--140},
  volume={24},

}
@book{boosting,
  title={The Elements of Statistical Learning (2nd ed.).},
  author={Hastie, T. and Tibshirani, R. and Friedman, J. H.},
  journal={New York: Springer.},
  year={2009},
  pages={337--384},
}
@article{twolevel,
  title={Двухуровневый метод регрессионного анализа, использующий ансамбли деревьев с оптимальной дивергенцией},
  author={Журавлев, Ю.~И. and Сенько, О.~В. and Докунин, А.~А. and Киселева, Н.~Н. and Саенко, И.~А.},
  journal={Докл. РАН. Матем., информ., проц. упр.},
  year={2021},
  pages={63--66},
  volume={499},

}
@article{bias_variance,
  title={Neural networks and the bias/variance dilemma },
  author={Geman, S. and Bienenstock, E. and Doursat, R.},
  journal={Neural Computation.},
  year={1992},
  pages={1--58},
  volume={4},

}
@article{scikit-learn,
  title={Scikit-learn: Machine Learning in {P}ython},
  author={Pedregosa, F. and Varoquaux, G. and Gramfort, A. and Michel, V.
          and Thirion, B. and Grisel, O. and Blondel, M. and Prettenhofer, P.
          and Weiss, R. and Dubourg, V. and Vanderplas, J. and Passos, A. and
          Cournapeau, D. and Brucher, M. and Perrot, M. and Duchesnay, E.},
  journal={Journal of Machine Learning Research},
  volume={12},
  pages={2825--2830},
  year={2011}
}